@article{cable2022,
  title = {Robust Decomposition of Cell Type Mixtures in Spatial Transcriptomics},
  author = {Cable, Dylan M. and Murray, Evan and Zou, Luli S. and Goeva, Aleksandrina and Macosko, Evan Z. and Chen, Fei and Irizarry, Rafael A.},
  year = {2022},
  month = apr,
  journal = {Nature Biotechnology},
  volume = {40},
  number = {4},
  pages = {517--526},
  publisher = {{Nature Publishing Group}},
  issn = {1546-1696},
  doi = {10.1038/s41587-021-00830-w},
  urldate = {2023-10-20}
}

@article{cang2023,
  title = {Screening Cell\textendash Cell Communication in Spatial Transcriptomics via Collective Optimal Transport},
  author = {Cang, Zixuan and Zhao, Yanxiang and Almet, Axel A. and Stabell, Adam and Ramos, Raul and Plikus, Maksim V. and Atwood, Scott X. and Nie, Qing},
  year = {2023},
  month = feb,
  journal = {Nature Methods},
  volume = {20},
  number = {2},
  pages = {218--228},
  publisher = {{Nature Publishing Group}},
  issn = {1548-7105},
  doi = {10.1038/s41592-022-01728-4},
  urldate = {2023-10-19}
}

@article{cui2023,
  title = {Spatiotemporal Transcriptomic Atlas Reveals the Dynamic Characteristics and Key Regulators of Planarian Regeneration},
  author = {Cui, Guanshen and Dong, Kangning and Zhou, Jia-Yi and Li, Shang and Wu, Ying and Han, Qinghua and Yao, Bofei and Shen, Qunlun and Zhao, Yong-Liang and Yang, Ying and Cai, Jun and Zhang, Shihua and Yang, Yun-Gui},
  year = {2023},
  month = jun,
  journal = {Nature Communications},
  volume = {14},
  number = {1},
  pages = {3205},
  publisher = {{Nature Publishing Group}},
  issn = {2041-1723},
  doi = {10.1038/s41467-023-39016-0},
  urldate = {2023-10-19}
}

@article{hao2021,
  title = {Integrated Analysis of Multimodal Single-Cell Data},
  author = {Hao, Yuhan and Hao, Stephanie and {Andersen-Nissen}, Erica and Mauck, William M. and Zheng, Shiwei and Butler, Andrew and Lee, Maddie J. and Wilk, Aaron J. and Darby, Charlotte and Zager, Michael and Hoffman, Paul and Stoeckius, Marlon and Papalexi, Efthymia and Mimitou, Eleni P. and Jain, Jaison and Srivastava, Avi and Stuart, Tim and Fleming, Lamar M. and Yeung, Bertrand and Rogers, Angela J. and McElrath, Juliana M. and Blish, Catherine A. and Gottardo, Raphael and Smibert, Peter and Satija, Rahul},
  year = {2021},
  month = jun,
  journal = {Cell},
  volume = {184},
  number = {13},
  pages = {3573-3587.e29},
  issn = {0092-8674},
  doi = {10.1016/j.cell.2021.04.048}
}


@article{lyubetskaya2022,
  title = {Assessment of Spatial Transcriptomics for Oncology Discovery},
  author = {Lyubetskaya, Anna and Rabe, Brian and Fisher, Andrew and Lewin, Anne and Neuhaus, Isaac and Brett, Constance and Brett, Todd and Pereira, Ethel and Golhar, Ryan and Kebede, Sami and {Font-Tello}, Alba and Mosure, Kathy and Van Wittenberghe, Nicholas and Mavrakis, Konstantinos J. and MacIsaac, Kenzie and Chen, Benjamin J. and Drokhlyansky, Eugene},
  year = {2022},
  month = nov,
  journal = {Cell Reports Methods},
  volume = {2},
  number = {11},
  pages = {100340},
  issn = {2667-2375},
  doi = {10.1016/j.crmeth.2022.100340},
  urldate = {2023-10-19}
}

@article{marx2021,
  title = {Method of the {{Year}}: Spatially Resolved Transcriptomics},
  shorttitle = {Method of the {{Year}}},
  author = {Marx, Vivien},
  year = {2021},
  month = jan,
  journal = {Nature Methods},
  volume = {18},
  number = {1},
  pages = {9--14},
  publisher = {{Nature Publishing Group}},
  issn = {1548-7105},
  doi = {10.1038/s41592-020-01033-y},
  urldate = {2023-10-19}
}

@article{mccray2021,
  title = {Vitamin {{D}} Sufficiency Enhances Differentiation of Patient-Derived Prostate Epithelial Organoids},
  author = {McCray, Tara and Pacheco, Julian V. and Loitz, Candice C. and Garcia, Jason and Baumann, Bethany and Schlicht, Michael J. and {Valyi-Nagy}, Klara and Abern, Michael R. and Nonn, Larisa},
  year = {2021},
  month = jan,
  journal = {iScience},
  volume = {24},
  number = {1},
  pages = {101974},
  issn = {2589-0042},
  doi = {10.1016/j.isci.2020.101974},
  urldate = {2023-10-20}
}

@article{shang2022,
  title = {Spatially Aware Dimension Reduction for Spatial Transcriptomics},
  author = {Shang, Lulu and Zhou, Xiang},
  year = {2022},
  month = nov,
  journal = {Nature Communications},
  volume = {13},
  number = {1},
  pages = {7203},
  publisher = {{Nature Publishing Group}},
  issn = {2041-1723},
  doi = {10.1038/s41467-022-34879-1},
  url = {https://www.nature.com/articles/s41467-022-34879-1},
  urldate = {2023-10-18}
}


@article {shen2023,
	author = {Xunan Shen and Ke Huang and Lulu Zuo and Zhongfei Ye and Zeyu Li and Qichao Yu and Xuanxuan Zou and Xiaoyu Wei and Ping Xu and Xin Jin and Xun Xu and Liang Wu and Hongmei Zhu and Pengfei Qin},
	title = {Inferring cell trajectories of spatial transcriptomics via optimal transport analysis},
	elocation-id = {2023.09.04.556175},
	year = {2023},
	doi = {10.1101/2023.09.04.556175},
	publisher = {Cold Spring Harbor Laboratory},
	URL = {https://www.biorxiv.org/content/early/2023/09/05/2023.09.04.556175},
	eprint = {https://www.biorxiv.org/content/early/2023/09/05/2023.09.04.556175.full.pdf},
	journal = {bioRxiv}
}

@article{janiszewska2020,
  title={The microcosmos of intratumor heterogeneity: the space-time of cancer evolution},
  author={Janiszewska, Michalina},
  journal={Oncogene},
  volume={39},
  number={10},
  pages={2031--2039},
  year={2020},
  publisher={Nature Publishing Group UK London}
}

@article{sanders_small_2022,
  title = {Small Cell Carcinoma of the Ovary Hypercalcemic Type ({{SCCOHT}}): {{A}} Review and Novel Case with Dual Germline {{SMARCA4}} and {{BRCA2}} Mutations},
  shorttitle = {Small Cell Carcinoma of the Ovary Hypercalcemic Type ({{SCCOHT}})},
  author = {Sanders, Brooke E. and Wolsky, Rebecca and Doughty, Elizabeth S. and Wells, Kristen L. and Ghosh, Debashis and Ku, Lisa and Pressey, Joseph G. and Bitler, Benjamin G. and Brubaker, Lindsay W.},
  year = {2022},
  month = dec,
  journal = {Gynecologic Oncology Reports},
  volume = {44},
  pages = {101077},
  issn = {2352-5789},
  doi = {10.1016/j.gore.2022.101077}
}

@article{sun_statistical_2020,
  title = {Statistical Analysis of Spatial Expression Patterns for Spatially Resolved Transcriptomic Studies},
  author = {Sun, Shiquan and Zhu, Jiaqiang and Zhou, Xiang},
  year = {2020},
  month = feb,
  journal = {Nature Methods},
  volume = {17},
  number = {2},
  pages = {193--200},
  publisher = {{Nature Publishing Group}},
  issn = {1548-7105},
  doi = {10.1038/s41592-019-0701-7},
  url = {https://www.nature.com/articles/s41592-019-0701-7},
  urldate = {2023-12-17}
}

@article{sheather_reliable_1991a,
  title = {A {{Reliable Data-Based Bandwidth Selection Method}} for {{Kernel Density Estimation}}},
  author = {Sheather, S. J. and Jones, M. C.},
  year = {1991},
  journal = {Journal of the Royal Statistical Society. Series B (Methodological)},
  volume = {53},
  number = {3},
  eprint = {2345597},
  eprinttype = {jstor},
  pages = {683--690},
  publisher = {{[Royal Statistical Society, Wiley]}},
  issn = {0035-9246},
  url = {https://www.jstor.org/stable/2345597},
  urldate = {2023-12-17}
}

@book{wickham_ggplot2_2009,
  title = {Ggplot2: {{Elegant Graphics}} for {{Data Analysis}}},
  shorttitle = {Ggplot2},
  author = {Wickham, Hadley},
  year = {2009},
  publisher = {{Springer}},
  address = {{New York, NY}},
  doi = {10.1007/978-0-387-98141-3},
  url = {https://link.springer.com/10.1007/978-0-387-98141-3},
  urldate = {2023-04-14},
  isbn = {978-0-387-98140-6 978-0-387-98141-3}
}

@misc{pedersenthomasl_patchwork_2023,
  title = {Patchwork: {{The Composer}} of {{Plots}}},
  author = {{Pedersen, Thomas L}},
  year = {2023},
  url = {https://patchwork.data-imaginist.com},
  urldate = {2023-12-17}
}

@article{rodriques_slideseq_2019,
  title = {Slide-Seq: {{A}} Scalable Technology for Measuring Genome-Wide Expression at High Spatial Resolution},
  shorttitle = {Slide-Seq},
  author = {Rodriques, Samuel G. and Stickels, Robert R. and Goeva, Aleksandrina and Martin, Carly A. and Murray, Evan and Vanderburg, Charles R. and Welch, Joshua and Chen, Linlin M. and Chen, Fei and Macosko, Evan Z.},
  year = {2019},
  month = mar,
  journal = {Science},
  volume = {363},
  number = {6434},
  pages = {1463--1467},
  publisher = {{American Association for the Advancement of Science}},
  doi = {10.1126/science.aaw1219},
  url = {https://www.science.org/doi/10.1126/science.aaw1219},
  urldate = {2023-12-17}
}

@article{williams_introduction_2022,
  title = {An Introduction to Spatial Transcriptomics for Biomedical Research},
  author = {Williams, Cameron G. and Lee, Hyun Jae and Asatsuma, Takahiro and {Vento-Tormo}, Roser and Haque, Ashraful},
  year = {2022},
  month = jun,
  journal = {Genome Medicine},
  volume = {14},
  number = {1},
  pages = {68},
  issn = {1756-994X},
  doi = {10.1186/s13073-022-01075-1},
  url = {https://doi.org/10.1186/s13073-022-01075-1},
  urldate = {2023-10-11}
}

@article{dries_giotto_2021,
  title = {Giotto: A Toolbox for Integrative Analysis and Visualization of Spatial Expression Data},
  shorttitle = {Giotto},
  author = {Dries, Ruben and Zhu, Qian and Dong, Rui and Eng, Chee-Huat Linus and Li, Huipeng and Liu, Kan and Fu, Yuntian and Zhao, Tianxiao and Sarkar, Arpan and Bao, Feng and George, Rani E. and Pierson, Nico and Cai, Long and Yuan, Guo-Cheng},
  year = {2021},
  month = mar,
  journal = {Genome Biology},
  volume = {22},
  number = {1},
  pages = {78},
  issn = {1474-760X},
  doi = {10.1186/s13059-021-02286-2},
  url = {https://doi.org/10.1186/s13059-021-02286-2},
  urldate = {2023-12-17}
}

@article{maynard_transcriptomescale_2021,
  title = {Transcriptome-Scale Spatial Gene Expression in the Human Dorsolateral Prefrontal Cortex},
  author = {Maynard, Kristen R. and {Collado-Torres}, Leonardo and Weber, Lukas M. and Uytingco, Cedric and Barry, Brianna K. and Williams, Stephen R. and Catallini, Joseph L. and Tran, Matthew N. and Besich, Zachary and Tippani, Madhavi and Chew, Jennifer and Yin, Yifeng and Kleinman, Joel E. and Hyde, Thomas M. and Rao, Nikhil and Hicks, Stephanie C. and Martinowich, Keri and Jaffe, Andrew E.},
  year = {2021},
  month = mar,
  journal = {Nature Neuroscience},
  volume = {24},
  number = {3},
  pages = {425--436},
  publisher = {{Nature Publishing Group}},
  issn = {1546-1726},
  doi = {10.1038/s41593-020-00787-0},
  url = {https://www.nature.com/articles/s41593-020-00787-0},
  urldate = {2023-12-17}
}

@article{zhu_srtsim_2023,
  title = {{{SRTsim}}: Spatial Pattern Preserving Simulations for Spatially Resolved Transcriptomics},
  shorttitle = {{{SRTsim}}},
  author = {Zhu, Jiaqiang and Shang, Lulu and Zhou, Xiang},
  year = {2023},
  month = mar,
  journal = {Genome Biology},
  volume = {24},
  number = {1},
  pages = {39},
  issn = {1474-760X},
  doi = {10.1186/s13059-023-02879-z},
  url = {https://doi.org/10.1186/s13059-023-02879-z},
  urldate = {2023-12-06}
}

@misc{SRTsim_vig,
  author = {{XZhou Lab}},
  title = {{SRTsim: A Simulator of Spatial RNA-Seq Data}},
  howpublished = {\url{https://xzhoulab.github.io/SRTsim/}},
  year = {2023},
  note = {Accessed: December 17, 2023}
}

@article{choudhary_comparison_2022,
  title = {Comparison and Evaluation of Statistical Error Models for {{scRNA-seq}}},
  author = {Choudhary, Saket and Satija, Rahul},
  year = {2022},
  month = jan,
  journal = {Genome Biology},
  volume = {23},
  number = {1},
  pages = {27},
  issn = {1474-760X},
  doi = {10.1186/s13059-021-02584-9},
  url = {https://doi.org/10.1186/s13059-021-02584-9},
  urldate = {2023-12-17}
}

@misc{mcinnes_umap_2020,
  title = {{{UMAP}}: {{Uniform Manifold Approximation}} and {{Projection}} for {{Dimension Reduction}}},
  shorttitle = {{{UMAP}}},
  author = {McInnes, Leland and Healy, John and Melville, James},
  year = {2020},
  month = sep,
  number = {arXiv:1802.03426},
  eprint = {1802.03426},
  primaryclass = {cs, stat},
  publisher = {{arXiv}},
  doi = {10.48550/arXiv.1802.03426},
  url = {http://arxiv.org/abs/1802.03426},
  urldate = {2023-12-18},
  archiveprefix = {arxiv}
}

@misc{fu_clustifyr_2020,
  title = {Clustifyr: An {{R}} Package for Automated Single-Cell {{RNA}} Sequencing Cluster Classification},
  shorttitle = {Clustifyr},
  author = {Fu, Rui and Gillen, Austin E. and Sheridan, Ryan M. and Tian, Chengzhe and Daya, Michelle and Hao, Yue and Hesselberth, Jay R. and Riemondy, Kent A.},
  year = {2020},
  month = jul,
  number = {9:223},
  institution = {{F1000Research}},
  doi = {10.12688/f1000research.22969.2},
  url = {https://f1000research.com/articles/9-223},
  urldate = {2023-12-18}
}

@article{olalekan_characterizing_2021,
  title = {Characterizing the Tumor Microenvironment of Metastatic Ovarian Cancer by Single-Cell Transcriptomics},
  author = {Olalekan, Susan and Xie, Bingqing and Back, Rebecca and Eckart, Heather and Basu, Anindita},
  year = {2021},
  month = may,
  journal = {Cell Reports},
  volume = {35},
  number = {8},
  pages = {109165},
  issn = {2211-1247},
  doi = {10.1016/j.celrep.2021.109165}
}

@article{aran_referencebased_2019,
  title = {Reference-Based Analysis of Lung Single-Cell Sequencing Reveals a Transitional Profibrotic Macrophage},
  author = {Aran, Dvir and Looney, Agnieszka P. and Liu, Leqian and Wu, Esther and Fong, Valerie and Hsu, Austin and Chak, Suzanna and Naikawadi, Ram P. and Wolters, Paul J. and Abate, Adam R. and Butte, Atul J. and Bhattacharya, Mallar},
  year = {2019},
  month = feb,
  journal = {Nature Immunology},
  volume = {20},
  number = {2},
  pages = {163--172},
  publisher = {{Nature Publishing Group}},
  issn = {1529-2916},
  doi = {10.1038/s41590-018-0276-y},
  url = {https://www.nature.com/articles/s41590-018-0276-y},
  urldate = {2023-12-18}
}


@article{mabbott_expression_2013,
  title = {An Expression Atlas of Human Primary Cells: Inference of Gene Function from Coexpression Networks},
  shorttitle = {An Expression Atlas of Human Primary Cells},
  author = {Mabbott, Neil A. and Baillie, J. Kenneth and Brown, Helen and Freeman, Tom C. and Hume, David A.},
  year = {2013},
  month = sep,
  journal = {BMC Genomics},
  volume = {14},
  number = {1},
  pages = {632},
  issn = {1471-2164},
  doi = {10.1186/1471-2164-14-632},
  url = {https://doi.org/10.1186/1471-2164-14-632},
  urldate = {2023-12-18}
}

@article{zhang_role_2022,
  title = {The {{Role}} of {{Cancer-Associated Fibroblasts}} in {{Ovarian Cancer}}},
  author = {Zhang, Mo and Chen, Zhixian and Wang, Yan and Zhao, Hongbo and Du, Yan},
  year = {2022},
  month = jan,
  journal = {Cancers},
  volume = {14},
  number = {11},
  pages = {2637},
  publisher = {{Multidisciplinary Digital Publishing Institute}},
  issn = {2072-6694},
  doi = {10.3390/cancers14112637},
  url = {https://www.mdpi.com/2072-6694/14/11/2637},
  urldate = {2023-12-18}
}

@article{munoz-chapuli_angiogenesis_2004,
  title = {Angiogenesis and Signal Transduction in Endothelial Cells},
  author = {{Mu{\~n}oz-Ch{\'a}puli}, R. and Quesada, A. R. and {\'A}ngel Medina, M.},
  year = {2004},
  month = aug,
  journal = {Cellular and Molecular Life Sciences CMLS},
  volume = {61},
  number = {17},
  pages = {2224--2243},
  issn = {1420-9071},
  doi = {10.1007/s00018-004-4070-7},
  url = {https://doi.org/10.1007/s00018-004-4070-7},
  urldate = {2023-12-18}
}

@article{xiaoshi_setd7_2021,
  title = {{{SETD7}} Mediates the Vascular Invasion in Articular Cartilage and Chondrocytes Apoptosis in Osteoarthriis},
  author = {Xiaoshi, Jia and Maoquan, Li and Jiwei, Wang and Jinqiu, Ning and Ke, Zhao},
  year = {2021},
  journal = {The FASEB Journal},
  volume = {35},
  number = {3},
  pages = {e21283},
  issn = {1530-6860},
  doi = {10.1096/fj.202000373RRRR},
  url = {https://onlinelibrary.wiley.com/doi/abs/10.1096/fj.202000373RRRR},
  urldate = {2023-12-18}
}

@article{tordjman_erythroblasts_2001,
  title = {Erythroblasts Are a Source of Angiogenic Factors},
  author = {Tordjman, Rafa{\`e}le and Delaire, St{\'e}phanie and Plou{\"e}t, Jean and Ting, Stephen and Gaulard, Philippe and Fichelson, Serge and Rom{\'e}o, Paul-Henri and Lemarchandel, Val{\'e}rie},
  year = {2001},
  month = apr,
  journal = {Blood},
  volume = {97},
  number = {7},
  pages = {1968--1974},
  issn = {0006-4971},
  doi = {10.1182/blood.V97.7.1968},
  url = {https://doi.org/10.1182/blood.V97.7.1968},
  urldate = {2023-12-18}
}

@article{wu_stromal_2020,
  title = {Stromal Cell Diversity Associated with Immune Evasion in Human Triple-negative Breast Cancer},
  author = {Wu, Sunny Z and Roden, Daniel L and Wang, Chenfei and Holliday, Holly and Harvey, Kate and Cazet, Aur{\'e}lie S and Murphy, Kendelle J and Pereira, Brooke and Al-Eryani, Ghamdan and Bartonicek, Nenad and Hou, Rui and Torpy, James R and Junankar, Simon and Chan, Chia-Ling and Lam, Chuan En and Hui, Mun N and Gluch, Laurence and Beith, Jane and Parker, Andrew and Robbins, Elizabeth and Segara, Davendra and Mak, Cindy and Cooper, Caroline and Warrier, Sanjay and Forrest, Alistair and Powell, Joseph and O'Toole, Sandra and Cox, Thomas R and Timpson, Paul and Lim, Elgene and Liu, X Shirley and Swarbrick, Alexander},
  year = {2020},
  month = oct,
  journal = {The EMBO Journal},
  volume = {39},
  number = {19},
  pages = {e104063},
  publisher = {{John Wiley \& Sons, Ltd}},
  issn = {0261-4189},
  doi = {10.15252/embj.2019104063},
  url = {https://www.embopress.org/doi/full/10.15252/embj.2019104063},
  urldate = {2023-12-18}
}

@article{fullgrabe_guidelines_2020,
  title = {Guidelines for Reporting Single-Cell {{RNA-seq}} Experiments},
  author = {F{\"u}llgrabe, Anja and George, Nancy and Green, Matthew and Nejad, Parisa and Aronow, Bruce and Fexova, Silvie Korena and Fischer, Clay and Freeberg, Mallory Ann and Huerta, Laura and Morrison, Norman and Scheuermann, Richard H. and Taylor, Deanne and Vasilevsky, Nicole and Clarke, Laura and Gehlenborg, Nils and Kent, Jim and Marioni, John and Teichmann, Sarah and Brazma, Alvis and Papatheodorou, Irene},
  year = {2020},
  month = dec,
  journal = {Nature Biotechnology},
  volume = {38},
  number = {12},
  pages = {1384--1386},
  publisher = {{Nature Publishing Group}},
  issn = {1546-1696},
  doi = {10.1038/s41587-020-00744-z},
  url = {https://www.nature.com/articles/s41587-020-00744-z},
  urldate = {2023-12-18}
}
